% Section one: Introduction

@report{WHO2015,
  title = {Global Status Report on Road Safety 2015},
  author = {{World Health Organization}},
  year = {2015},
  institution = {World Health Organization (WHO)},
  url = {https://www.who.int/publications-detail/global-status-report-on-road-safety-2015},
}

@report{Mordor2024ADAS,
  title = {ADAS Market Size \& Share Analysis - Growth Trends \& Forecasts (2024 - 2029)},
  author = {Mordor Intelligence Research and Advisory},
  year = {2024},
  month = {June},
  institution = {Mordor Intelligence},
  note = {Retrieved December 3, 2024},
  url = {https://www.mordorintelligence.com/industry-reports/advanced-driver-assistance-systems-market}
}

@report{Mordor2023Autonomous,
  title = {Autonomous Vehicle Market Size \& Share Analysis - Growth Trends \& Forecasts (2024 - 2029)},
  author = {Mordor Intelligence Research and Advisory},
  year = {2023},
  month = {July},
  institution = {Mordor Intelligence},
  note = {Retrieved December 3, 2024},
  url = {https://www.mordorintelligence.com/industry-reports/autonomous-driverless-cars-market-potential-estimation}
}

@report{Mordor2024SmartTransportation,
  title = {Smart Transportation Market Size \& Share Analysis - Growth Trends \& Forecasts (2024 - 2029)},
  author = {Mordor Intelligence Research and Advisory},
  year = {2024},
  month = {June},
  institution = {Mordor Intelligence},
  note = {Retrieved December 3, 2024},
  url = {https://www.mordorintelligence.com/industry-reports/smart-transportation-market}
}

% Section two

% dataset references

@misc{make_ml,
title={Road Signs Dataset},
url={https://makeml.app/datasets/road-signs},
journal={Make ML}}

@inproceedings{Houben-IJCNN-2013,
   author = {Sebastian Houben and Johannes Stallkamp and Jan Salmen and Marc Schlipsing and Christian Igel},
   booktitle = {International Joint Conference on Neural Networks},
   title = {Detection of Traffic Signs in Real-World Images: The {G}erman {T}raffic {S}ign {D}etection {B}enchmark},
   number = {1288},
   year = {2013}  
}

@inproceedings{timothefe2013traffic,
title={Traffic Sign Recognition - How far are we from the solution?},
author={Timofte, Radu and Mathias, Markus and Benenson, Rodrigo and Van Gool, Luc},
booktitle={International Joint Conference on Neural Networks (IJCNN 2013)},
year={2013},
month={August},
location={Dallas, USA},
note={* equal contributions}
}

@dataset{mogelmose2012lisa,
  title = {LISA Traffic Sign Dataset},
  creator = {Møgelmose, A.},
  supervisor = {Moeslund, T. B. and Trivedi, M. M.},
  publisher = {VBN},
  year = {2012},
  note = {The World's largest dataset containing pictures of US traffic signs.},
  url = {<https://vbn.aau.dk/en/datasets/lisa-traffic-sign-dataset>}
}



% China

@InProceedings{Zhe_2016_CVPR,
author = {Zhu, Zhe and Liang, Dun and Zhang, Songhai and Huang, Xiaolei and Li, Baoli and Hu, Shimin},
title = {Traffic-Sign Detection and Classification in the Wild},
booktitle = {The IEEE Conference on Computer Vision and Pattern Recognition (CVPR)},
year = {2016}
}

@article{zhang2024robust,
title={A robust real-time anchor-free traffic sign detector with one-level feature},
author={Zhang, Jianming and Lv, Yaru and Tao, Jiajun and Huang, Fengxiang and Zhang, Jin},
journal={IEEE Transactions on Emerging Topics in Computational Intelligence},
volume={8},
number={2},
pages={1437--1451},
year={2024},
publisher={IEEE},
doi={10.1109/TETCI.2024.3349464}
}

% 2.2

@inproceedings{swathi2017automatic,
  author    = {Swathi, M and Suresh, K. V},
  title     = {Automatic traffic sign detection and recognition: A review},
  booktitle = {International Conference on Algorithms},
  year      = {2017},
  pages     = {1--6},
  doi       = {10.1109/ICAMMAET.2017.8186650}
}

@inproceedings{Swathi2017,
  author    = {Swathi M and Suresh K. V},
  title     = {Automatic traffic sign detection and recognition: A review},
  booktitle = {International Conference on Algorithms},
  year      = {2017},
  pages     = {1--6},
  doi       = {10.1109/ICAMMAET.2017.8186650}
}

@inproceedings{swathi2017automatic,
  author    = {Swathi, M and Suresh, K. V},
  title     = {Automatic traffic sign detection and recognition: A review},
  booktitle = {International Conference on Algorithms},
  year      = {2017},
  pages     = {1--6},
  doi       = {10.1109/ICAMMAET.2017.8186650}
}

@inproceedings{Swathi2017,
  author    = {Swathi M and Suresh K. V},
  title     = {Automatic traffic sign detection and recognition: A review},
  booktitle = {International Conference on Algorithms},
  year      = {2017},
  pages     = {1--6},
  doi       = {10.1109/ICAMMAET.2017.8186650}
}

@article{liu2019machine,
  author    = {Liu, C. and Li, S. and Chang, F. and Wang, Y.},
  title     = {Machine Vision Based Traffic Sign Detection Methods: Review, Analyses and Perspectives},
  journal   = {IEEE Access},
  volume    = {7},
  pages     = {86578--86596},
  year      = {2019},
  doi       = {10.1109/ACCESS.2019.2924947}
}

@inproceedings{Supreeth2016,
  author    = {Supreeth H. S. G. and Patil, C. M.},
  title     = {An approach towards efficient detection and recognition of traffic signs in videos using neural networks},
  booktitle = {2016 International Conference on Wireless Communications, Signal Processing and Networking (WiSPNET)},
  pages     = {456--459},
  year      = {2016}
}

@inproceedings{Swathi2017,
  author    = {Swathi M and Suresh K. V},
  title     = {Automatic traffic sign detection and recognition: A review},
  booktitle = {International Conference on Algorithms},
  year      = {2017},
  pages     = {1--6},
  doi       = {10.1109/ICAMMAET.2017.8186650}
}

% feature based

@inproceedings{Dalal2005,
  author    = {Dalal, N. and Triggs, B.},
  title     = {Histograms of oriented gradients for human detection},
  booktitle = {Proc. CVPR},
  address   = {San Diego, CA, USA},
  pages     = {886--893},
  year      = {2005},
  month     = {Jun.}
}

@article{Salti2015,
  author    = {Salti, S. and Petrelli, A. and Tombari, F. and Fioraio, N. and Stefano, L. D.},
  title     = {Traffic sign detection via interest region extraction},
  journal   = {Pattern Recognit.},
  volume    = {48},
  number    = {4},
  pages     = {1039--1049},
  year      = {2015},
  month     = {Apr.}
}

@article{Zaklouta2014,
  author    = {Zaklouta, F. and Stanciulescu, B.},
  title     = {Real-time traffic sign recognition in three stages},
  journal   = {Robot. Auto. Syst.},
  volume    = {62},
  number    = {1},
  pages     = {16--24},
  year      = {2014}
}

@article{Hou2017,
  author    = {Hou, Y.-L. and Hao, X. and Chen, H.},
  title     = {A cognitively motivated method for classification of occluded traffic signs},
  journal   = {IEEE Trans. Syst., Man, Cybern., Syst.},
  volume    = {47},
  number    = {2},
  pages     = {255--262},
  year      = {2017},
  month     = {Feb.}
}

@article{Liu2019,
  author    = {Liu, C. and Li, S. and Chang, F. and Wang, Y.},
  title     = {Machine Vision Based Traffic Sign Detection Methods: Review, Analyses and Perspectives},
  journal   = {IEEE Access},
  volume    = {7},
  pages     = {86578--86596},
  year      = {2019},
  doi       = {10.1109/ACCESS.2019.2924947}
}

% essemble

@article{Viola2004,
  author    = {Viola, P. and Jones, M. J.},
  title     = {Robust real-time face detection},
  journal   = {International Journal of Computer Vision},
  volume    = {57},
  number    = {2},
  pages     = {137--154},
  year      = {2004}
}

@article{Baro2009,
  author    = {Baró, X. and Escalera, S. and Vitri, J. and Pujol, O. and Radeva, P.},
  title     = {Traffic sign recognition using evolutionary Adaboost detection and forest-ECOC classification},
  journal   = {IEEE Transactions on Intelligent Transportation Systems},
  volume    = {10},
  number    = {1},
  pages     = {113--126},
  year      = {2009},
  month     = {Mar.}
}

@inproceedings{Zhang2007,
  author    = {Zhang, L. and Chu, R. and Xiang, S. and Liao, S. and Li, S. Z.},
  title     = {Face detection based on multi-block LBP representation},
  booktitle = {Proceedings of the International Conference on Biometrics},
  address   = {Seoul, South Korea},
  pages     = {11--18},
  year      = {2007}
}

@article{Liu2014,
  author    = {Liu, C. and Chang, F. and Chen, Z.},
  title     = {Rapid multiclass traffic sign detection in high-resolution images},
  journal   = {IEEE Transactions on Intelligent Transportation Systems},
  volume    = {15},
  number    = {6},
  pages     = {2394--2403},
  year      = {2014},
  month     = {Dec.}
}

@inproceedings{Wu2013,
  author    = {Wu, Y. and Liu, Y. and Li, J. and Liu, H. and Hu, X.},
  title     = {Traffic sign detection based on convolutional neural networks},
  booktitle = {Proceedings of the International Joint Conference on Neural Networks (IJCNN)},
  address   = {Dallas, TX, USA},
  pages     = {1--7},
  year      = {2013},
  month     = {Aug.}
}

@inproceedings{Qian2015,
  author    = {Qian, R. and Zhang, B. and Yue, Y. and Wang, Z. and Coenen, F.},
  title     = {Robust Chinese traffic sign detection and recognition with deep convolutional neural network},
  booktitle = {Proceedings of the International Conference on Natural Computation},
  address   = {Zhangjiajie, China},
  pages     = {791--796},
  year      = {2015},
  month     = {Aug.}
}

@inproceedings{Liu2024,
  author    = {Liu, A. and Liu, Y. and Kifah, S.},
  title     = {Deep Convolutional Neural Network for Enhancing Traffic Sign Recognition Developed on YOLO V5},
  booktitle = {2024 International Conference on Advancements in Smart, Secure and Intelligent Computing (ASSIC)},
  address   = {Bhubaneswar, India},
  pages     = {1--6},
  year      = {2024},
  doi       = {10.1109/ASSIC60049.2024.10508025}
}

@article{Zhang2017,
  author    = {Zhang, J. and Huang, M. and Li, X. and Jin, X.},
  title     = {A real-time Chinese traffic sign detection algorithm based on modified YOLOv2},
  journal   = {Algorithms},
  volume    = {10},
  number    = {4},
  pages     = {127},
  year      = {2017},
  month     = {Nov.}
}

@inproceedings{Wang2024,
  author    = {Wang, L.-J. and Suwattanapunkul, T. and Thalauy, J. and Jansengrat, P.},
  title     = {Research on Traffic Sign Detection and Recognition System Using Deep Ensemble Learning},
  booktitle = {2024 6th International Conference on Computer Communication and the Internet (ICCCI)},
  address   = {Tokyo, Japan},
  pages     = {61--66},
  year      = {2024},
  doi       = {10.1109/ICCCI62159.2024.10674294}
}

@inproceedings{Sharma2024,
  author    = {Sharma, J. and Kumar, D. and Malhotra, A.},
  title     = {Advanced Traffic Signal Recognition Using Real-Time Detection Using YOLO v8},
  booktitle = {2024 2nd World Conference on Communication \& Computing (WCONF)},
  address   = {Raipur, India},
  pages     = {1--4},
  year      = {2024},
  doi       = {10.1109/WCONF61366.2024.10692265}
}
% reproduction

@article{arcos2018deep,
  title={Deep neural network for traffic sign recognition systems: An analysis of spatial transformers and stochastic optimisation methods},
  author={Arcos-García, Ángel and Alvarez-Garcia, José A and Soria-Morillo, Luis M},
  journal={Neural Networks},
  volume={99},
  pages={158--165},
  year={2018},
  publisher={Elsevier}
}

@article{zhang2017real,
  title={A real-time Chinese traffic sign detection algorithm based on modified YOLOv2},
  author={Zhang, Jun and Huang, Mingzhu and Jin, Xiaobo and Li, Xin},
  journal={Algorithms},
  volume={10},
  number={4},
  pages={127},
  year={2017},
  publisher={MDPI}
}




% 综述1


@INPROCEEDINGS{9072976,
  author={Sanyal, Banhi and Mohapatra, Ramesh Kumar and Dash, Ratnakar},
  booktitle={2020 International Conference on Artificial Intelligence and Signal Processing (AISP)}, 
  title={Traffic Sign Recognition: A Survey}, 
  year={2020},
  volume={},
  number={},
  pages={1-6},
  keywords={Databases;Feature extraction;Image color analysis;Shape;Support vector machines;Real-time systems;Roads;Traffic Signs;Machine Learning;Object Detection;Image Processing;Traffic Sign Recognition},
  doi={10.1109/AISP48273.2020.9072976}}

% section three

@misc{yolov5,
  author = {Glenn Jocher and Ayush Chaurasia and Alexander Wong and others},
  title = {YOLOv5 - A family of PyTorch models for object detection},
  year = {2020},
  publisher = {GitHub},
  journal = {GitHub repository},
  howpublished = {\url{https://github.com/ultralytics/yolov5}},
  note = {Accessed: 2024-12-05}
}
